@book{ScalaCookbook,
 author = {Alexander, Alvin},
 title = {Scala Cookbook: Recipes for Object-Oriented and Functional Programming},
 year = {2013},
 isbn = {1449339611, 9781449339616},
 edition = {1st},
 publisher = {O'Reilly Media, Inc.},
}

@book {OBCdS,
    author = {Pierre Robillard},
    title  = {Or-Box - Cahier de sp√©cification},
    year   = {2016},
    edition = {0.2},
    publisher = {Polytech Tours}
}

@article{otsu1975threshold,
  title={A threshold selection method from gray-level histograms},
  author={Otsu, Nobuyuki},
  journal={Automatica},
  volume={11},
  number={285-296},
  pages={23--27},
  year={1975}
}

@Inbook{Refaeilzadeh2009,
    author="Refaeilzadeh, Payam
    and Tang, Lei
    and Liu, Huan",
    editor="LIU, LING
    and {\"O}ZSU, M. TAMER",
    title="Cross-Validation",
    bookTitle="Encyclopedia of Database Systems",
    year="2009",
    publisher="Springer US",
    address="Boston, MA",
    pages="532--538",
    isbn="978-0-387-39940-9",
    doi="10.1007/978-0-387-39940-9_565",
    url="http://dx.doi.org/10.1007/978-0-387-39940-9_565"
}

@article{peterson2009k,
  title={K-nearest neighbor},
  author={Peterson, Leif E},
  journal={Scholarpedia},
  volume={4},
  number={2},
  pages={1883},
  year={2009}
}
